<record><leader>00000cas a2200000 a 4500</leader><controlfield tag="001">11502176</controlfield><controlfield tag="008">841217c18959999orucr ne      0   a0eng c</controlfield><datafield ind1=" " ind2=" " tag="010"><subfield code="a">sn 84006724 </subfield></datafield><datafield ind1=" " ind2=" " tag="040"><subfield code="a">NSD</subfield><subfield code="b">eng</subfield><subfield code="c">NSD</subfield><subfield code="d">OCN</subfield><subfield code="d">OCLCQ</subfield><subfield code="d">ORU</subfield><subfield code="d">OCLCQ</subfield><subfield code="d">OCLCF</subfield><subfield code="d">OCLCO</subfield></datafield><datafield ind1="1" ind2=" " tag="022"><subfield code="a">8750-5479</subfield><subfield code="l">8750-5479</subfield><subfield code="2">1</subfield></datafield><datafield ind1="1" ind2=" " tag="029"><subfield code="a">AU@</subfield><subfield code="b">000024692691</subfield></datafield><datafield ind1=" " ind2=" " tag="032"><subfield code="a">245500</subfield><subfield code="b">USPS</subfield></datafield><datafield ind1=" " ind2=" " tag="037"><subfield code="b">McKinney Publishing Co., 150 S.E. Third Ave., Hillsboro, OR 97123</subfield></datafield><datafield ind1=" " ind2=" " tag="042"><subfield code="a">nsdp</subfield><subfield code="a">pcc</subfield></datafield><datafield ind1="0" ind2=" " tag="130"><subfield code="a">Hillsboro argus (Hillsboro, Or.)</subfield></datafield><datafield ind1=" " ind2="0" tag="222"><subfield code="a">Hillsboro argus</subfield><subfield code="b">(Hillsboro, Or.)</subfield></datafield><datafield ind1="0" ind2="4" tag="245"><subfield code="a">The Hillsboro argus.</subfield></datafield><datafield ind1="1" ind2="3" tag="246"><subfield code="a">Hillsboro argus with which is combined the Hillsboro independent</subfield></datafield><datafield ind1=" " ind2=" " tag="260"><subfield code="a">Hillsboro, Or. :</subfield><subfield code="b">Argus Pub. Co.,</subfield><subfield code="c">1895-</subfield></datafield><datafield ind1=" " ind2=" " tag="300"><subfield code="a">v.</subfield></datafield><datafield ind1=" " ind2=" " tag="310"><subfield code="a">Semiweekly,</subfield><subfield code="b">Jan. 26, 1988-</subfield></datafield><datafield ind1=" " ind2=" " tag="321"><subfield code="a">Weekly,</subfield><subfield code="b">Aug. 15, 1895-Oct. 29, 1953</subfield></datafield><datafield ind1=" " ind2=" " tag="321"><subfield code="a">Semiweekly,</subfield><subfield code="b">Nov. 2, 1953-Oct. 4, 1984</subfield></datafield><datafield ind1=" " ind2=" " tag="321"><subfield code="a">Triweekly,</subfield><subfield code="b">Oct. 6, 1984-Jan. 23, 1988</subfield></datafield><datafield ind1="0" ind2=" " tag="362"><subfield code="a">Vol. 2, no. 21 (Aug. 15, 1895)-</subfield></datafield><datafield ind1=" " ind2=" " tag="500"><subfield code="a">1930-1932 includes newspaper published during school terms by Union High School students.</subfield></datafield><datafield ind1=" " ind2=" " tag="530"><subfield code="a">Also available on microfilm from University of Oregon.</subfield></datafield><datafield ind1=" " ind2="0" tag="651"><subfield code="a">Hillsboro (Or.)</subfield><subfield code="v">Newspapers.</subfield></datafield><datafield ind1=" " ind2="0" tag="651"><subfield code="a">Cornelius (Or.)</subfield><subfield code="v">Newspapers.</subfield></datafield><datafield ind1=" " ind2="7" tag="655"><subfield code="a">Newspapers.</subfield><subfield code="2">fast</subfield><subfield code="0">(OCoLC)fst01423814</subfield></datafield><datafield ind1=" " ind2="7" tag="651"><subfield code="a">Oregon</subfield><subfield code="z">Cornelius.</subfield><subfield code="2">fast</subfield><subfield code="0">(OCoLC)fst01226319</subfield></datafield><datafield ind1=" " ind2="7" tag="651"><subfield code="a">Oregon</subfield><subfield code="z">Hillsboro.</subfield><subfield code="2">fast</subfield><subfield code="0">(OCoLC)fst01221349</subfield></datafield><datafield ind1="0" ind2="2" tag="740"><subfield code="a">Hilhi news.</subfield></datafield><datafield ind1=" " ind2=" " tag="752"><subfield code="a">United States</subfield><subfield code="b">Oregon</subfield><subfield code="c">Washington</subfield><subfield code="d">Hillsboro.</subfield></datafield><datafield ind1="0" ind2="0" tag="780"><subfield code="t">Argus (Hillsboro, Or.)</subfield><subfield code="w">(DLC)sn 96088160</subfield></datafield><datafield ind1="0" ind2="5" tag="780"><subfield code="t">Hillsboro independent</subfield><subfield code="w">(DLC)sn 96088159</subfield></datafield><datafield ind1=" " ind2=" " tag="936"><subfield code="a">Vol. 104, no. 52 (Sept. 25, 1997) LIC</subfield></datafield></record>